<record><leader>00000cas a22000007a 4500</leader><controlfield tag="001">20966511</controlfield><controlfield tag="008">900129d18uu1905gauwr ne      0    0eng d</controlfield><datafield ind1=" " ind2=" " tag="010"><subfield code="a">sn 90052115 </subfield></datafield><datafield ind1=" " ind2=" " tag="040"><subfield code="a">NLG</subfield><subfield code="b">eng</subfield><subfield code="c">NLG</subfield><subfield code="d">GUA</subfield><subfield code="d">OCLCQ</subfield><subfield code="d">OCLCF</subfield><subfield code="d">OCLCO</subfield></datafield><datafield ind1="1" ind2=" " tag="029"><subfield code="a">AU@</subfield><subfield code="b">000020584572</subfield></datafield><datafield ind1=" " ind2=" " tag="042"><subfield code="a">msc</subfield></datafield><datafield ind1=" " ind2=" " tag="043"><subfield code="a">n-us-ga</subfield></datafield><datafield ind1="0" ind2="0" tag="245"><subfield code="a">Coffee County gazette.</subfield></datafield><datafield ind1=" " ind2=" " tag="260"><subfield code="a">Pearson, Ga. :</subfield><subfield code="b">Wm. Parker,</subfield><subfield code="c">-[1905]</subfield></datafield><datafield ind1=" " ind2=" " tag="300"><subfield code="a">v.</subfield></datafield><datafield ind1=" " ind2=" " tag="310"><subfield code="a">Weekly</subfield></datafield><datafield ind1="1" ind2=" " tag="362"><subfield code="a">Ceased in 1905.</subfield></datafield><datafield ind1=" " ind2=" " tag="530"><subfield code="a">Also on microfilm: Athens, Ga. : University of Georgia Libraries.</subfield></datafield><datafield ind1=" " ind2=" " tag="580"><subfield code="a">Merged with: Douglas weekly breeze, to form: Douglas enterprise.</subfield></datafield><datafield ind1=" " ind2=" " tag="588"><subfield code="a">Description based on: Vol. 4, no, 36 (Sept. 10, 1880).</subfield></datafield><datafield ind1=" " ind2="0" tag="651"><subfield code="a">Coffee County (Ga.)</subfield><subfield code="v">Newspapers.</subfield></datafield><datafield ind1=" " ind2="7" tag="655"><subfield code="a">Newspapers.</subfield><subfield code="2">fast</subfield><subfield code="0">(OCoLC)fst01423814</subfield></datafield><datafield ind1=" " ind2="7" tag="651"><subfield code="a">Georgia</subfield><subfield code="z">Coffee County.</subfield><subfield code="2">fast</subfield><subfield code="0">(OCoLC)fst01214860</subfield></datafield><datafield ind1=" " ind2=" " tag="752"><subfield code="a">United States</subfield><subfield code="b">Georgia</subfield><subfield code="c">Atkinson</subfield><subfield code="d">Pearson.</subfield></datafield><datafield ind1=" " ind2=" " tag="752"><subfield code="a">United States</subfield><subfield code="b">Georgia</subfield><subfield code="c">Coffee</subfield><subfield code="d">Pearson.</subfield></datafield><datafield ind1="1" ind2="7" tag="785"><subfield code="t">Douglas weekly breeze</subfield><subfield code="w">(DLC)sn 89053043</subfield><subfield code="w">(OCoLC)19332303</subfield></datafield><datafield ind1="1" ind2="7" tag="785"><subfield code="t">Douglas enterprise</subfield><subfield code="w">(DLC)sn 89053042</subfield><subfield code="w">(OCoLC)19332322</subfield></datafield></record>